%%% ====================================================================
%%%  BibTeX-file{
%%%     author          = "David Rhead",
%%%     version         = "1.00",
%%%     date            = "17 Feb 1990",
%%%     time            = "17:00 GMT",
%%%     filename        = "test.bib",
%%%     address         = "Cripps Computing Centre,
%%%                        University of Nottingham,
%%%                        University Park,
%%%                        Nottingham,
%%%                        NG7 2RD,
%%%                        United Kingdom",
%%%     telephone       = "+44 602 484848 Ext 2670",
%%%     FAX             = "+44 602 588138",
%%%     checksum        = "05151 839 2908 25082",
%%%     email           = "David_Rhead at uk.ac.nott.vme (JANET)",
%%%     codetable       = "ISO/ASCII",
%%%     keywords        = "bibliography, citation, references",
%%%     supported       = "no",
%%%     docstring       = "This BibTeX database file contains entries
%%%                        designed for testing whether a BibTeX style
%%%                        file lays references out as recommended by
%%%                        certain authorities.  (Note, however, that
%%%                        the BS 1629 examples are from the 1976
%%%                        edition.  The file needs updating to use
%%%                        examples from the 1989 edition instead.)
%%%
%%%                        The checksum field above contains a CRC-16
%%%                        checksum as the first value, followed by the
%%%                        equivalent of the standard UNIX wc (word
%%%                        count) utility output of lines, words, and
%%%                        characters.  This is produced by Robert
%%%                        Solovay's checksum utility.",
%%%  }
%%% ====================================================================
%% @COMMENT{Some other standard works describing conventions for citations
%%      and bibliographies}

@Book{Eco:1990,
  author = 	 "Umberto Eco",
  title = 	 "The Limits of Interpretation",
  publisher = 	 "Indian University Press",
  year = 	 1990}

@Inproceedings{Martin-90,
  author = 	 "Jannik Str√∂tgen and Michael Gertz",
  title = 	 "Temporal Tagging on Different Domains: Challenges, Strategies, and Gold Standards",
  booktitle = "Proceedings of the Eight International Conference on Language Resources and Evaluation (LREC'12)",
  year = 	 "2012",
  month = 	 "may",
  date =     "23-25",
  pages = 	 "3746--3753",
  address =  "Istanbul, Turkey",
  editor = 	 "Nicoletta Calzolari (Conference Chair) and Khalid Choukri and Thierry Declerck and Mehmet U\v{g}ur Do\v{g}an and Bente Maegaard and Joseph Mariani and Asuncion Moreno and Jan Odijk and Stelios Piperidis",
  publisher = "European Language Resource Association  (ELRA)",
  isbn = "978-2-9517408-7-7",
}

@Book{Chercheur-94,
  title =        "Case-Based Reasoning",
  author =       "J.L. Chercheur",
  publisher =    "Morgan Kaufman Publishers",
  year =         "1994",
  edition =      "2nd",
  address =      "San Mateo, CA",
}

@Article{CastorPollux-92,
  author =       "A. Castor and L. E. Pollux",
  title =        "The use of user modelling to guide inference and learning",
  journal =      "Applied Intelligence",
  volume =       "2(1)",
  pages =        "37--53",
  year =         "1992",
}

%fictitious reference
@Book{Superman-Batman-Catwoman-Spiderman-00,
  author =       "S. Superman and B. Batman and C. Catwoman and S. Spiderman",
  title =        "Superheroes experiences with books",
  journal =      "Journal journal journal",
  year =         2000,
  publisher =    "The Phantom Editors Associates",
  edition =      "20th",
  address =      "Gotham City",
}


%% @COMMENT{Some examples taken from document describing BS 1629}

@Book{hoel-71-whole,
  author =       "Paul Gerhard Hoel",
  title =        "Elementary Statistics",
  publisher =    "Wiley",
  year =         "1971",
  series =       "Wiley series in probability and mathematical
                 statistics",
  address =      "New York, Chichester",
  edition =      "3rd",
  note =         "ISBN 0~471~40300",
}

@Inbook{hoel-71-portion,
  author =       "Paul Gerhard Hoel",
  title =        "Elementary Statistics",
  publisher =    "Wiley",
  year =         "1971",
  series =       "Wiley series in probability and mathematical
                 statistics",
  address =      "New York, Chichester",
  edition =      "3rd",
  note =         "ISBN 0~471~40300",
  pages =        "19--33",
}

@Book{singer-whole,
  year =         "1954--58",
  editor =       "Charles Joseph Singer and E. J. Holmyard and A. R.
                 Hall",
  title =        "A history of technology",
  address =      "London",
  publisher =    "Oxford University Press",
  note =         "5 vol.",
}


@Inproceedings{chomsky-73,
  author =       "N. Chomsky",
  year =         "1973",
  title =        "Conditions on Transformations",
  booktitle =    "A festschrift for {Morris Halle}",
  editor =       "S. R. Anderson and P. Kiparsky",
  publisher =    "Holt, Rinehart \& Winston",
  address =      "New York",
}

@Manual{bs-2570-manual,
  author =       "BSI",
  title =        "Natural Fibre Twines",
  organization = "British Standards Institution",
  address =      "London",
  edition =      "3rd",
  year =         "1973",
  note =         "BS 2570",
}

@Techreport{bs-2570-techreport,
  author =       "BSI",
  title =        "Natural Fibre Twines",
  institution =  "British Standards Institution",
  address =      "London",
  year =         "1973",
  type =         "BS",
  number =       "2570",
  note =         "3rd. edn.",
}



@Book{Jespersen:1922,
  author = 	 "Otto Jespersen",
  title = 	 "Language: Its Nature, Development, and Origin",
  publisher = 	 "Allen and Unwin",
  year = 	 1922}


